%% This BibTeX bibliography file was created using BibDesk.
%% http://bibdesk.sourceforge.net/
% Encoding: UTF-8

@article{SSTSato,
  author  = {Florian Menter and Thomas Esch}, 
  title   = {Elements of industrial heat transfer predictions},
  journal = {16th Brazilian Congress of Mechanical Engineering (COBEM)},
  year    = 2001,
  pages   = {117-127},
  volume  = 20
}

@article{krepper,
  title={Experimental and numerical studies of void fraction distribution in rectangular bubble columns},
  author={Krepper, Eckhard and Vanga, Brahma Nanda Reddy and Zaruba, Alexandr and Prasser, Horst-Michael and de Bertodano, Martin A Lopez},
  journal={Nuclear engineering and design},
  volume={237},
  number={4},
  pages={399--408},
  year={2007},
  publisher={Elsevier}
}

@article{fluentuserguide,
  title={Fluent 2021 {R}2 userâ€™s guide},
  author={Fluent, ANSYS},
  journal={Ansys Fluent Inc},
  year={2021}
}

@article{ishiizuber,
  title={Drag coefficient and relative velocity in bubbly, droplet or particulate flows},
  author={Ishii, Mamoru and Zuber, Novak},
  journal={AIChE journal},
  volume={25},
  number={5},
  pages={843--855},
  year={1979},
  publisher={Wiley Online Library}
}


@article{tomiyamalift,
  title={Transverse migration of single bubbles in simple shear flows},
  author={Tomiyama, Akio and Tamai, Hidesada and Zun, Iztok and Hosokawa, Shigeo},
  journal={Chemical Engineering Science},
  volume={57},
  number={11},
  pages={1849--1858},
  year={2002},
  publisher={Elsevier}
}

@article{moragalift,
  title={Lateral forces on spheres in turbulent uniform shear flow},
  author={Moraga, FJ and Bonetto, FJ and Lahey, RT},
  journal={International Journal of Multiphase Flow},
  volume={25},
  number={6-7},
  pages={1321--1372},
  year={1999},
  publisher={Elsevier}
}


@article{antal,
  title={Analysis of phase distribution in fully developed laminar bubbly two-phase flow},
  author={Antal, SP and Lahey Jr, RT and Flaherty, JE},
  journal={International journal of multiphase flow},
  volume={17},
  number={5},
  pages={635--652},
  year={1991},
  publisher={Elsevier}
}

@inproceedings{frank,
  title={Advances in computational fluid dynamics (CFD) of 3-dimensional gas-liquid multiphase flows},
  author={Frank, Thomas},
  booktitle={NAFEMS Seminar: Simulation of Complex Flows (CFD)--Applications and Trends, Wiesbaden, Germany, Citeseer},
  pages={1--18},
  year={2005}
}


@phdthesis{debertodano,
  title={Turbulent bubbly two-phase flow in a triangular duct},
  author={de Bertodano, Martin Aurelio Lopez},
  year={1992},
  school={Rensselaer Polytechnic Institute}
}

  publisher    = {The name of the publisher},
  note         = {An optional note}
}

@inproceedings{burns,
  title={The Favre averaged drag model for turbulent dispersion in Eulerian multi-phase flows},
  author={Burns, Alan D and Frank, Thomas and Hamill, Ian and Shi, Jun-Mei and others},
  booktitle={5th international conference on multiphase flow, ICMF},
  volume={4},
  pages={1--17},
  year={2004},
  organization={ICMF}
}